2535 3299
416 269 444 305 8

412 376 515 434 pr.“
541 370 801 418 alterutrum
828 371 986 417 falsum
1021 373 1074 415 sit
1099 386 1272 418 necesse
1297 386 1387 421 est„
1432 375 1560 435 Quae
1586 389 1725 436 quum
1751 375 1933 431 insint,
1959 377 2213 434 videndum,

413 445 562 474 annon
589 429 720 475 lectio
740 429 908 486 vulgata
926 428 1094 482 haheat,
1123 444 1214 490 quo
1234 428 1514 487 defendatur3
1544 432 1644 487 hoc,
1661 432 1708 476 ni
1735 430 1883 489 fallor,
1910 431 2211 490 dicitauetor:

414 498 461 529 ut
496 501 654 533 aurum
683 484 907 545 quaerenti
935 486 1060 542 signa
1095 497 1138 529 et
1168 498 1292 541 notas
1326 487 1533 535 locorum
1570 486 1768 543 ostendo,
1808 500 1856 534 ut
1890 490 1928 538 i,
2010 491 2213 543 inveniat,

414 544 469 585 ita
495 554 595 586 sunt
617 543 725 586 mihi
752 553 881 588 notae
906 540 1136 599 quaedam,
1167 556 1286 600 quae
1309 545 1347 591 si
1375 556 1627 601 argumenta
1650 559 1830 606 quaero,
1934 547 1950 590 i
1978 546 2213 601 inveniam,

414 599 725 644 demonstrant.
781 589 875 644 Alii
903 596 1087 644 meliora
1114 597 1338 646 suadeam!

524 701 632 761 Cap.
649 700 720 748 45.
738 701 780 755 §.
796 704 891 745 188.
920 699 1069 752 „Hace
1086 697 1292 751 sumina,
1323 715 1434 761 quae
1454 716 1526 746 me
1543 699 1701 747 ludens
1719 703 1899 756 Crassus
1924 701 2060 747 modo
2086 704 2214 762 flugi-

414 760 541 811 tabat,
567 772 733 816 quum
762 772 785 798 a
811 770 892 799 me
918 754 1127 801 divinitus
1153 758 1326 802 tractari
1351 756 1493 804 solere
1509 756 1720 802 diceres-⁶
1756 759 1997 804 Librorum
2020 760 2214 804 auctori-'

412 826 494 860 tate
527 813 636 861 moti
662 814 919 872 interpretes
954 827 1123 872 quum
1157 828 1183 854 a
1213 828 1292 859 me
1318 827 1404 872 pro
1432 812 1550 871 vulg.
1585 828 1724 874 quae
1759 829 1785 856 a
1817 830 1899 857 me
1934 816 2212 875 scripserunt.

414 868 658 916 Muellerus
684 884 822 928 quae
856 884 911 913 ex
939 883 1099 927 quam
1125 885 1181 912 ea
1208 879 1356 913 ortum
1422 880 1543 918 ulans
1575 869 1690 914 hano
1716 871 2009 927 conjecturam
2042 871 2091 915 in
2116 882 2213 916 tex-

411 940 506 972 tum
524 940 622 970 rece
655 925 701 969 it.
756 922 911 970 Falsus
936 925 1068 980 igitur
1086 935 1148 970 est
1164 923 1392 971 Orellius*
1414 959 1426 980 ,
1457 927 1536 986 qui
1555 926 1705 985 etipse
1725 925 1936 970 exhibens
1953 933 2127 986 ¹quum
2154 942 2211 970 ea

414 984 527 1027 hanc
563 997 615 1026 co
650 982 767 1024 icum
801 991 843 1024 et
866 979 1110 1026 edit-ionum
1137 992 1236 1025 vett.
1271 980 1621 1027 lectionemesse
1648 979 1764 1025 dicit.
1823 982 1882 1026 Ax
1903 981 2103 1042 profecto
2128 981 2214 1028 hoc

412 1038 705 1084 additamento
723 1052 870 1080 carere
919 1052 1118 1086 ossumus
1138 1037 1183 1082 in
1202 1035 1303 1082 loco
1322 1049 1408 1086 tam
1428 1048 1543 1081 arcte
1566 1053 1778 1089 connexo,
1803 1037 1859 1080 ita
1885 1048 2066 1082 ut.1·ecte
2089 1038 2214 1083 Hen-

412 1094 544 1139 richs.
560 1107 809 1154 pronomen
828 1052 1052 1137 deleverit.
1079 1119 1134 1126 —
1188 1094 1302 1138 Sunt
1327 1110 1467 1154 porro
1493 1093 1581 1138 loci
1611 1094 1657 1136 in
1677 1092 1839 1161 quibus
1863 1088 2056 1138 editores
2113 1110 2214 1153 rae-

410 1151 677 1212 pos-itionem
713 1149 770 1191 in
804 1159 876 1194 aut
908 1149 1006 1205 ejici
1044 1160 1117 1193 aut
1142 1149 1301 1196 mutari
1330 1149 1580 1196 voluerunt.
1653 1150 1728 1193 S1c
1750 1163 1846 1209 cap.
1864 1151 1934 1193 75.
1961 1150 2003 1204 §.
2102 1181 2113 1193 .
2143 1154 2212 1205 „si

412 1223 523 1268 quae
557 1206 658 1249 vitia
692 1215 763 1247 aut
801 1204 1082 1250 incommoda
1114 1215 1214 1249 sunt
1250 1205 1297 1247 in
1331 1205 1483 1266 aliquo
1507 1205 1653 1273 judice
1684 1220 1775 1250 uno
1811 1215 1882 1247 aut
1915 1203 2134 1265 pluribus,
2164 1224 2211 1251 ea

410 1277 457 1309 tu
498 1266 552 1308 in
591 1260 849 1305 adversariis
892 1260 1203 1322 exprobrando
1246 1276 1338 1305 non
1378 1261 1591 1320 intelligas
1631 1273 1677 1318 te,
1704 1262 1750 1307 in
1785 1259 1950 1318 judiees
1993 1261 2213 1309 invehi?“

411 1318 638 1367 Ernestius
670 1318 726 1360 in
759 1314 996 1361 delendum
1033 1319 1258 1371 existimat,
1304 1320 1515 1378 quoniam
1546 1318 1689 1372 Latini
1723 1332 1942 1378 nusquam
1976 1315 2121 1362 dicant
2155 1319 2211 1363 in

412 1377 606 1436 aliquo
642 1372 1169 1434 quid-exprobrare.
1238 1373 1487 1420 Schellerus
1521 1375 1568 1418 in
1604 1375 1708 1422 Lex.
1735 1392 1769 1418 s.
1810 1372 2055 1434 exprobare
2090 1385 2132 1418 et
2162 1375 2208 1421 in

412 1434 543 1484 Obss.
586 1447 630 1489 p.
647 1434 718 1474 23.
763 1429 817 1471 in
861 1429 914 1472 ad
958 1428 1270 1489 exprobrando
1308 1442 1430 1489 putat
1470 1429 1750 1475 referendum
1793 1445 1918 1474 esse.-
1992 1427 2132 1474 Orell.
2173 1443 2214 1474 et

411 1487 640 1532 Henrichs.
675 1484 798 1533 uncis
833 1484 947 1529 hane
980 1484 1183 1533 voculam
1214 1484 1497 1538 incluserunt,
1552 1501 1684 1546 quam
1721 1483 1901 1546 quidem
1934 1484 1991 1527 ita
2028 1501 2213 1543 servan-

410 1545 509 1587 dam
554 1542 682 1594 duco,
734 1553 781 1584 ut
823 1542 1081 1585 Ciceronem
1117 1540 1339 1601 duplicem
1373 1554 1633 1586 structuram
1656 1543 1706 1587 ia
1736 1555 1871 1593 unam
1894 1547 1982 1585 co'n
2011 1539 2211 1587 l'utinas‘se

409 1602 618 1644 arbitrer:
665 1597 702 1641 si
738 1613 849 1657 quae
888 1597 991 1640 vitia
1028 1597 1075 1645 in
1108 1596 1312 1657 pluribus
1346 1608 1458 1649 sunt,
1503 1613 1552 1641 ea
1584 1608 1642 1651 tu,
1695 1611 1837 1658 quum
1873 1597 1921 1639 in
1956 1555 2212 1643 adversariis

409 1669 520 1710 sunt,
574 1653 885 1712 exprobrando
933 1651 1191 1697 adversariis
1240 1670 1332 1697 non
1382 1652 1595 1711 intelligas
1634 1655 1746 1698 ete?
1806 1653 1946 1709 Hujus
1983 1653 2214 1699 confusio-

411 1715 479 1756 nis
512 1710 711 1770 exempla
749 1709 838 1754 vid.
867 1708 984 1768 apud
1016 1709 1167 1756 Matth.
1203 1708 1258 1752 de
1285 1709 1546 1753 Anacoluth.
1581 1709 1629 1752 in
1648 1707 1791 1754 Wolf.
1831 1706 2030 1763 Anal.11,
2071 1725 2119 1769 p.
2138 1711 2209 1756 24.

413 1796 468 1801 -—
526 1766 759 1817 Difficilior
778 1777 839 1810 est
876 1763 999 1810 locus
1043 1768 1225 1826 cap.77.
1258 1765 1406 1822 §2314
1440 1781 1546 1823 ergo
1591 1776 1648 1808 ut
1680 1765 1728 1808 in
1761 1775 1987 1812 oratore
2019 1765 2210 1833 optimus

411 1825 613 1886 quisque,
647 1823 710 1867 sic
736 1833 777 1864 et
799 1820 978 1876 [Muell.
1004 1822 1152 1874 etiam]
1172 1821 1217 1864 in
1245 1822 1442 1869 oratione
1464 1821 1767 1865 firmissimum
1795 1817 2006 1880 quodque
2029 1833 2085 1865 sit
2109 1822 2209 1882 pri-

410 1884 586 1925 mum.“
619 1879 821 1924 Schuetz.
851 1876 971 1921 dedit
996 1879 1050 1920 in
1074 1877 1409 1929 oratoribus,
1448 1875 1602 1922 Muell.
1629 1876 1710 1920 uti
1746 1886 2042 1930 oratorum,
2072 1876 2208 1922 Orel-

410 1937 496 1982 lius
531 1934 810 1994 vulgatam
847 1934 1084 1977 rectissime
1125 1932 1287 1976 habere
1321 1932 1439 1985 dicit,
1470 1949 1602 1993 quam
1639 1933 1781 1984 etiam,
1810 1932 1912 1975 licet
1945 1930 2206 1988 dubitanter,

411 1993 642 2038 Henrichs.
666 1991 856 2036 retinuit,
882 1989 1089 2046 Madvig„
1125 2001 1179 2033 ut
1215 2001 1410 2034 orator
1436 1990 1653 2053 optimus:
1716 1990 1783 2034 Ex
1809 1987 1878 2032 his
1905 2002 1975 2033 eas
2001 1988 2207 2040 lectiones

410 2050 636 2109 improbo,
664 2063 777 2106 quae
804 2047 858 2088 in
890 2046 1109 2096 damnant,
1136 2044 1259 2104 quod
1286 2059 1386 2105 sqq.
1413 2047 1493 2098 „in
1522 2047 1750 2089 oratione“
1776 2044 2020 2103 requirunt.
2091 2047 2207 2091 Haec

411 2109 502 2166 ipsa
519 2104 681 2155 nescio,
709 2119 766 2146 an
786 2102 1044 2147 Ciceronem
1062 2100 1332 2160 impulerint,
1369 2112 1414 2145 ut
1439 2117 1462 2143 a
1481 2102 1648 2145 ratione
1665 2111 1868 2145 consueta
1887 2110 1928 2142 et
1946 2102 2093 2146 usitata
2113 2101 2207 2147 dis-

411 2162 579 2205 cederet
600 2159 798 2205 scribens
824 2159 880 2200 in
916 2170 1135 2201 oratore
1157 2172 1243 2217 pro
1267 2157 1321 2203 in
1347 2157 1687 2203 oratoribus.
1747 2155 2045 2217 Quocumque
2069 2157 2222 2205 modo

409 2219 483 2261 hic
506 2217 629 2261 locus
654 2213 910 2259 emendetur
945 2238 999 2245 —
1034 2229 1134 2257 nam
1162 2229 1262 2256 eum
1290 2213 1578 2258 rectissimum
1603 2229 1708 2265 esse5
1736 2212 1908 2256 Orellio
1932 2229 2024 2257 non
2042 2230 2206 2259 conce-

409 2273 510 2317 dam
548 2297 604 2304 -
641 2283 753 2319 certe
785 2272 838 2314 in
876 2270 974 2327 ejici
1008 2270 1181 2329 nequit3
1219 2268 1359 2328 quid?
1396 2271 1450 2318 in
1479 2281 1703 2313 oratore
1727 2267 2022 2324 defenderem,
2050 2271 2086 2314 si
2113 2273 2205 2328 ejus

406 2328 622 2384 enallages
647 2338 783 2370 essent
808 2325 1022 2386 exempla.
1671 2327 1680 2336 '

521 2438 609 2485 Sed
631 2439 743 2483 satis.
774 2438 842 2481 mi
862 2439 904 2480 D
915 2452 942 2481 o
952 2436 1015 2480 eh
1025 2453 1053 2480 n
1064 2452 1119 2480 er
1131 2439 1176 2480 e!
1206 2434 1260 2479 de
1286 2434 1377 2480 his:
1408 2435 1463 2479 ad
1481 2435 1666 2483 alterum
1684 2434 1886 2480 locorum
1907 2433 2202 2482 difficiliorum

409 2512 543 2553 genus
561 2493 833 2544 descendam,
859 2508 1053 2552 quorum
1068 2509 1191 2537 causa
1212 2492 1255 2535 in
1274 2491 1354 2535 lib
1367 2509 1421 2534 ra
1432 2493 1517 2536 rio
1527 2509 1551 2535 r
1561 2508 1588 2534 u
1600 2508 1646 2536 m
1671 2491 1739 2535 vel
1758 2507 1782 2535 c
1794 2508 1820 2536 o
1833 2509 1878 2536 m
1888 2508 1916 2552 p
1927 2508 1950 2535 e
1961 2509 1990 2535 n
2002 2491 2031 2537 d
2042 2493 2055 2536 i
2067 2494 2082 2536 i
2092 2511 2112 2537 s
2132 2493 2201 2538 'vel

411 2572 437 2598 o
449 2572 467 2597 s
480 2551 633 2599 citati
647 2566 712 2596 on
723 2567 747 2595 e
768 2549 839 2594 vel
859 2551 914 2594 in
926 2566 944 2593 s
956 2549 1082 2593 citia
1111 2551 1240 2594 inest:
1280 2548 1556 2594 haesitantem
1585 2546 1783 2609 expediet
1806 2548 1876 2592 vel
1902 2548 2011 2593 boni
2040 2548 2201 2599 codicis

411 2663 464 2670 -ο

442 2713 477 2755 *)
505 2711 697 2754 Quantum
715 2712 841 2744 textus
858 2705 936 2742 Cic.
954 2704 1098 2741 Orellio
1116 2703 1265 2749 debeat,
1296 2704 1383 2741 satis
1411 2711 1578 2745 constan
1601 2710 1704 2741 tanta
1732 2710 1859 2741 autem
1884 2701 1966 2747 eins
1980 2704 2019 2741 in
2038 2695 2202 2743 annota-

500 2756 607 2791 tione
623 2753 894 2795 erich-evitas,
917 2759 959 2788 ut
974 2751 1056 2787 sine
1074 2752 1157 2787 aliis
1176 2751 1266 2788 edd.
1287 2763 1405 2799 prope
1414 2754 1521 2788 nulla
1539 2751 1736 2798 judicandi
1752 2751 1800 2788 sit
1821 2751 1940 2798 copia.
1952 2753 2201 2792 Henrichsen.

503 2813 596 2838 vero
618 2799 918 2837 accuratissimus
946 2797 1017 2834 fuit
1044 2798 1085 2834 in
1111 2798 1225 2835 codd.
1254 2797 1536 2843 enumerandi-s,
1562 2798 1612 2834 de
1632 2810 1709 2848 qua
1727 2809 1769 2834 re
1786 2797 2200 2837 vid.Wunder.'P1-aef.

504 2850 552 2884 ad
570 2849 633 2885 Or.
655 2849 825 2895 p.Planc.
