2535 3299
2079 234 2106 274 7

263 346 273 355 ‘
308 329 837 404 'ciperesstss-se‘eonject,
859 339 1118 395 solemus,
1140 337 1409 389 Henrichsen
1429 358 1452 385 e
1472 343 1790 399 conj-‘essent
1810 337 1860 374 —'
1878 340 2105 399 cum-vulg.

320 400 551 461 praec'ip'
562 396 1008 452 e'1·et·,-'-·²sole1'·em
1019 403 1090 441 ns.
1120 395 1237 440 Haec
1252 397 1431 459 quidem
1447 399 1604 444 ratiosi
1623 397 1845 453 librorum
1862 399 2107 441 auctoritate

319 459 551 508 niteretur,
580 454 730 498 ceteris
764 460 1012 513 praestaret,
1063 459 1171 498 nam'
1192 466 1321 505 ¹sunt
1338 476 1400 486 ¹—
1419 455 1622 514 ,praeci
1632 466 1792 514 peret
1839 468 1965 510 aegre
1999 454 2105 498 ferri

338 517 475 556 niteat.
530 510 689 569 Qn‘u'm
708 511 987 554 ·V't‘1''o³‘flavfi.
1012 511 1069 554 Ἀ.
1097 516 1232 567 marg.
1261 509 1371 559 d.,et
1393 510 1466 554 Ste
1532 542 1542 553 .
1567 511 1709 567 legant
1732 523 2103 570 praeceperat,

309 527 410 613 -iJoc
438 565 624 628 praetuli
657 578 698 610 et
731 566 776 608 in
807 567 956 610 ceteris
985 566 1200 623 vulgatam
1231 567 1406 611 servari.
1522 568 1655 611 tenim
1684 570 1812 626 prior
1843 565 2108 609 enuntiatio-—

321 626 388 668 nis
412 639 515 685 pars
540 633 699 679 certam
726 623 869 669 innuit
894 623 1132 677 notionem,
1167 639 1278 684 quae
1299 638 1382 684 per
1406 638 1452 667 se
1480 634 1654 676 constat,
1698 624 1829 667 altera
1861 638 1966 665 vero
1994 638 2108 682 pen-

322 680 393 735 det
419 697 454 738 ‘a
481 677 749 735 cogitatione,
794 692 905 736 quae
940 680 986 721 in
1027 711 1054 732 „
1068 680 1345 736 segregabam
1357 682 1384 703 ‘⁶
1422 678 1544 729 latet3
1598 676 1719 738 quod
1762 680 1906 738 ipsum
1947 677 2109 730 discriff

320 738 421 782 men
457 737 543 793 jam
577 735 686 779 inest
717 734 771 777 in‘
793 734 1016 801 particulis
1053 736 1184 796 quia
1218 746 1258 780 et
1280 733 1437 795 quod,
1475 750 1662 796 quarum
1689 734 1766 779 illa
1791 750 1961 779 causam
1985 733 2108 789 indi-
2160 751 2165 756 *

322 803 386 835 cat
420 793 466 834 in
496 803 645 833 natura
683 791 747 832 rei
782 803 906 844 snam
945 791 1200 847 (objectiv.),
1229 791 1335 832 haec
1370 790 1424 832 ad
1450 792 1584 833 animi
1608 793 1820 834 rationem
1845 792 2108 849 plerumque

321 846 521 902 refertur,
551 839 813 904 (subjectiv‘.)
844 846 900 888 ita
929 858 975 889 ut
999 858 1207 908 persaepe
1231 861 1457 900 causarum
1485 845 1657 896 diverso
1686 846 1834 903 generi
1859 848 2106 889 inserviant.

323 902 366 946 d.
387 905 467 946 Or.
477 904 508 945 Ι.
526 905 596 953 48,
622 906 722 950 207.
749 902 800 944 II.
819 905 887 954 75,
910 906 1008 949 305.
1037 904 1158 945 Fam.
1172 903 1242 947 VI.
1262 906 1334 945 22.
1362 903 1439 947 IX.
1462 908 1529 946 12.
1586 903 1737 944 Statim
1767 900 1943 956 adjunxi
1959 901 2107 944 Iocum

322 968 586 1018 sequentem,
622 957 776 1015 inquo
793 968 905 1017 part.
935 968 982 1000 et
1005 956 1058 999 ab
1079 956 1176 1012 aliis
1193 957 1351 1002 omissa
1370 956 1625 1014 (Mueller.),
1650 958 1704 1000 ab
1725 956 1820 999 aliis
1841 957 1938 1015 (Or.
1951 957 2106 1010 Hem.)

323 1016 370 1057 in
398 1012 571 1056 vincula
599 1016 789 1069 conjecta
822 1024 902 1056 est.
962 1014 1094 1070 Cujus
1128 1015 1195 1057 rei
1228 1028 1351 1057 causa
1381 1013 1486 1056 haec
1509 1013 1642 1057 fuisse
1663 1012 1848 1065 videtur,
1866 1012 2002 1079 -quod
2032 1012 2108 1055 le-

323 1068 486 1129 gendi
513 1067 683 1112 nollent
707 1068 876 1127 passive
895 1066 1005 1122 dici3
1036 1079 1075 1113 at
1094 1085 1185 1115 non
1210 1086 1311 1114 raro
1328 1068 1606 1115 Gerundium
1625 1068 1738 1114 hanc
1753 1069 1933 1128 suscipit
1960 1069 2109 1113 notio-

323 1141 441 1169 nem.
505 1126 596 1167 Cic.
626 1126 758 1166 Tusc.
789 1124 925 1186 Qu.1.
952 1129 1021 1176 23,
1041 1129 1110 1168 53.
1142 1127 1337 1180 „cem-is,
1365 1140 1479 1187 quae
1501 1137 1745 1178 moventur,
1783 1126 1857 1167 hic
1884 1125 1997 1177 fons,
2025 1125 2112 1166 hoc

324 1181 591 1244 principium
618 1192 680 1225 est
706 1179 1010 1229 movendi.“
1066 1182 1130 1227 lb.
1149 1188 1219 1237 28,
1244 1184 1315 1230 69.
1340 1179 1695 1236 „multitudinem
1713 1179 1932 1243 pecudum
1951 1181 2111 1242 partim

324 1238 379 1281 ad
397 1253 423 1281 v
435 1255 487 1280 es
499 1253 553 1280 ce
565 1236 633 1279 nd
646 1253 742 1289 um,
762 1240 919 1295 partim
938 1238 992 1280 ad
1009 1253 1194 1299 corpora
1204 1238 1467 1282 vestienda.“
1494 1239 1741 1282 Ramshorn
1757 1241 1848 1281 Lat.
1866 1241 1948 1283 Gr.
1958 1255 2002 1296 p.
2013 1241 2111 1281 442.

324 1292 393 1337 ed.
416 1301 454 1338 1.
512 1294 666 1353 Neque
695 1304 735 1335 et
761 1292 950 1346 offendet
974 1309 1087 1347 eum,
1118 1295 1195 1357 qui
1211 1294 1382 1353 quoties
1408 1292 1647 1354 hendiadys
1675 1310 1699 1336 a
1721 1294 2007 1354 scriptoribus
2031 1288 2113 1334 ad-

322 1351 536 1402 hibeatur,
568 1347 827 1393 meminerit.
866 1383 867 1386 η
888 1348 986 1393 Vid.
1001 1351 1096 1397 Cic.
1123 1366 1167 1412 p.
1188 1349 1300 1394 Sull.
1318 1352 1359 1404 §.
1379 1354 1421 1394 2.
1450 1351 1515 1402 „si
1534 1352 1812 1394 constantiam
1837 1348 1965 1402 huius
1985 1350 2112 1393 officii

324 1417 364 1450 et
383 1404 645 1450 defensionis
663 1405 942 1467 probavero“
967 1406 1043 1465 i.q.
1052 1405 1203 1466 paullo
1221 1417 1316 1449 ante
1326 1404 1491 1449 dixerat
1507 1405 1834 1463 „defensionem
1851 1406 2026 1449 officii.“
2049 1404 2111 1448 Id.

324 1478 371 1523 p.
392 1461 526 1506 Arch.
545 1463 587 1515 §.
608 1465 675 1505 13.
697 1462 841 1518 oratio
860 1472 900 1503 et
928 1460 1106 1516 facultas
1130 1463 1159 1505 i.
1180 1477 1223 1520 q.
1248 1462 1458 1506 orationis
1484 1462 1675 1506 facultas.
1733 1462 1805 1507 Sic
1822 1473 1971 1505 nostro
1990 1461 2110 1504 loco:

324 1517 480 1563 Graeci
499 1511 855 1583 scriptitaverunt‘*
862 1514 1129 1571 laudationes
1146 1517 1279 1574 magis
1296 1516 1338 1560 le
1367 1517 1467 1563 endi
1488 1530 1530 1563 et
1554 1518 1846 1565 delectationis
1876 1533 2005 1561 causa.
2024 1517 2052 1561 i.
2074 1533 2110 1558 e.

326 1574 621 1618 delectatioms
647 1589 784 1624 causa,
816 1588 926 1632 quae
941 1573 1176 1634 praebetur
1202 1574 1326 1632 legen
1361 1590 1402 1619 o.
1465 1624 1469 1627 Δ

437 1679 526 1729 Sed
544 1681 700 1727 accedo
720 1682 774 1741 ad
792 1682 899 1726 alios
916 1683 1129 1743 quosdam
1159 1684 1293 1738 locos,
1324 1701 1436 1745 quos
1454 1679 1612 1741 injuria
1630 1684 1833 1728 videntur
1860 1686 2112 1743 interpretes

326 1752 517 1789 tentasse,
546 1756 638 1784 non
655 1755 743 1802 quo
767 1738 920 1793 dicam,
943 1756 1016 1784 eos
1037 1741 1095 1784 ob
1120 1743 1240 1785 omni
1257 1744 1378 1801 pa‘rte
1392 1757 1518 1786 sanos
1536 1757 1636 1792 esse,
1655 1740 1730 1785 sed
1757 1753 1802 1785 ut
1828 1740 2114 1784 dubitationes

328 1796 546 1840 movendo
566 1795 688 1849 alios,
717 1808 764 1838 ut
781 1812 935 1839 verum
954 1799 1218 1854 investigent,
1248 1797 1487 1859 impellam.
1523 1798 1708 1856 Cap.41.
1727 1800 1767 1852 §.
1787 1799 1881 1841 174.
1894 1813 2030 1856 quum
2042 1794 2114 1838 di-

328 1853 466 1902 xisset,
480 1868 549 1908 ea,
565 1867 682 1911 quae
700 1850 785 1894 dici
800 1854 1032 1911 potuerint,
1054 1853 1245 1896 breviter
1270 1854 1380 1897 dicta
1400 1870 1504 1907 esse,
1531 1853 1762 1911 imaginem
1788 1854 1903 1896 ducit
1921 1853 1974 1894 ab
1993 1868 2112 1904 auro,

329 1907 450 1968 quod
470 1910 523 1952 sit
543 1908 776 1958 defossum,
808 1909 906 1951 satis
928 1925 1017 1951 esse
1037 1909 1155 1966 signa
1174 1921 1215 1952 et
1230 1921 1352 1953 notas
1370 1909 1573 1953 locorum
1590 1908 1815 1952 ostendere
1833 1921 1891 1961 ut,
1914 1910 1991 1968 qui
2019 1907 2115 1951 vel-

327 1965 400 2014 let,
429 1964 541 2008 illud
560 1965 703 2025 ipsum
724 1964 959 2014 invenit-en
988 1967 1073 2019 jam
1098 1967 1258 2024 pergit:
1287 1967 1381 2016 „sic
1405 1966 1480 2009 has
1507 1980 1585 2024 ego
1608 1976 1958 2021 argumentorum
1986 1964 2113 2006 novi

329 2030 496 2073 notas,
532 2036 669 2081 quae
704 2018 804 2062 illa
838 2020 976 2062 mihi
1005 2022 1299 2080 quaerenti
1339 2021 1734 2069 demonstrant,
1764 2021 1841 2063 ubi
1868 2021 1973 2063 sint:
2004 2019 2115 2062 reli-

329 2092 415 2144 qua
438 2092 539 2120 cura
558 2088 598 2118 et
615 2077 870 2140 cogitatione
886 2082 1143 2120 e1·uuntur.“
1183 2080 1240 2120 Ita
1257 2076 1331 2121 hic
1352 2077 1474 2122 locus
1492 2078 1696 2121 scribitur
1717 2078 1761 2119 in
1781 2075 1969 2119 editione
1980 2075 2116 2119 Orel-

326 2132 454 2176 hana.
507 2130 701 2177 Offendtt
726 2148 840 2177 sane.
904 2131 990 2175 uod
1007 2144 1157 2176 auctor
1179 2134 1513 2195 comparationis
1565 2150 1612 2176 ro
1648 2133 1777 2176 ositae
1795 2132 2043 2182 immemor,
2072 2130 2116 2173 id

329 2188 451 2250 quOd
469 2187 523 2231 de
542 2187 636 2232 aliis
655 2186 800 2230 dicere
818 2147 1013 2241 degebat,
1044 2187 1097 2232 de
1115 2189 1343 2249 semetipso
1362 2189 1478 2234 dicit.
1557 2201 1593 2232 ta
1613 2148 1784 2239 actum,
1803 2198 1851 2231 ut
1865 2188 2117 2233 Schuetz'ius

329 2244 529 2291 etMuell.
547 2243 724 2286 ederent
744 2245 918 2286 ePeare.
940 2246 1117 2300 conject.
1136 2261 1163 2286 n
1176 2256 1257 2288 ota
1272 2248 1322 2288 vi
1351 2261 1379 2287 n
1391 2256 1515 2296 otas,
1536 2259 1635 2306 qua
1648 2260 1670 2286 e
1699 2244 1764 2287 ill
1777 2260 1798 2285 a
1828 2258 1897 2310 qu
1909 2261 1930 2284 a
1943 2259 2027 2284 ere
2039 2259 2064 2283 n
2076 2244 2114 2283 ti

330 2300 728 2352 demonstrent,
758 2300 859 2342 ubi·
883 2300 1018 2343 sint¹t
1055 2315 1145 2358 quo
1173 2300 1306 2345 modo
1325 2302 1401 2344 etsi
1421 2300 1644 2344 difficultas
1672 2299 1747 2343 illa
1766 2298 1944 2348 tollitur,
1974 2309 2112 2341 tamen

329 2355 702 2400 demonstrent
726 2355 937 2406 scribatur
954 2370 1124 2398 necesse
1143 2367 1216 2399 est.
1274 2358 1423 2412 Longe
1441 2355 1570 2399 aliam
1603 2356 1816 2398 rationem
1832 2368 1974 2412 nuper
1994 2355 2115 2395 Hen-

328 2412 569 2458 richsenius
598 2411 706 2458 iniit.
738 2411 815 2471 qui
843 2427 980 2471 quum
1007 2428 1144 2473 quae
1170 2410 1267 2456 illa
1294 2413 1426 2457 mihi
1452 2414 1498 2456 in
1515 2412 1682 2471 aliquot
1712 2408 1838 2456 codd.
1867 2409 2117 2463 omittantur

329 2481 369 2513 et
385 2484 469 2530 pro
488 2467 783 2511 demonstrant
800 2469 847 2510 in
864 2468 953 2512 Pal.
970 2484 1037 2528 pr.
1064 2469 1130 2522 (it.
1153 2471 1185 2511 Z
1203 2484 1225 2511 a
1244 2472 1509 2522 correctore)
1533 2469 1697 2523 legatur
1721 2466 1915 2510 demon
1927 2467 2114 2514 stravi,

328 2541 505 2570 omnem
532 2523 682 2569 locum
710 2524 765 2566 ita
790 2524 992 2568 restituit:
1033 2525 1124 2576 „sic
1151 2524 1226 2568 has
1255 2541 1334 2582 ego
1364 2535 1718 2582 argumentorum
1742 2533 1865 2567 notas
1892 2522 2115 2582 quaerenti

328 2581 635 2629 demonstravi,
667 2579 743 2624 ubi
769 2580 900 2624 sint.“
959 2580 1074 2623 Haec
1101 2581 1211 2624 ratio
1243 2583 1423 2625 omnino
1448 2579 1588 2639 placet
1615 2590 1654 2621 et
1679 2578 1780 2622 loco
1805 2577 2115 2623 accommoda-

328 2638 488 2683 tissima
511 2648 595 2689 θεῖς
625 2635 701 2681 sed
764 2637 826 2679 uis
843 2635 1028 2681 tandem.
1052 2652 1225 2695 quaeso,
1252 2638 1356 2679 haec
1380 2638 1415 2680 si
1433 2636 1563 2680 lectio
1582 2635 1730 2679 suisset
1749 2646 1924 2681 vetusta,
1945 2636 1999 2679 ita
2022 2652 2115 2677 cam

326 2693 615 2754 corrupisset?
630 2708 738 2752 acce
771 2693 803 2736 it
826 2703 871 2736 ut
888 2693 1171 2738 Henrichsen.
1196 2695 1332 2751 ipsam
1360 2708 1412 2736 eo
1430 2707 1681 2753 suspensam
1709 2689 1961 2744 reddiderit,
1995 2689 2117 2752 quod

326 2751 449 2795 diein
480 2750 629 2804 „erui
654 2762 810 2795 notas
842 2749 930 2794 Pal.
949 2754 1050 2810 pr.“
1075 2762 1114 2793 et
1140 2748 1288 2809 paullo
1315 2749 1451 2793 infra:
1481 2749 1805 2802 „demonstravi
1827 2749 2002 2792 exhibet
2026 2748 2113 2792 Pal.
