2535 3299
402 241 430 284 4

525 337 734 381 Veterum
774 338 1055 395 scriptorum*
1069 349 1365 390 monumenta,
1397 345 1510 396 qnae
1530 348 1792 398 -temporum
1819 339 2045 399 iniquitate
2071 351 2111 382 et
2139 339 2229 384 ho-

411 392 587 437 minum
618 392 774 437 inertia
802 391 972 437 dudum
1002 391 1232 454 depravata
1265 395 1426 454 partim
1449 396 1676 451 jacuerunt
1736 396 1866 439 artim
1900 394 2043 439 adhuc
2079 398 2227 448 'acent,

410 466 467 492 ex
496 448 577 493 hac
605 452 761 494 misera
789 460 830 491 et
876 449 1055 493 sordida
1075 449 1326 494 conditione
1354 466 1444 494 esse
1480 450 1682 495 vindican
1716 468 1739 494 a
1761 462 1805 494 ut
1833 467 1857 494 e
1881 453 2039 497 renatis
2091 452 2225 495 itteris

412 505 605 559 fuerunt,
637 507 713 565 qui
742 521 917 550 summo
950 509 1047 563 jure
1075 505 1381 550 contenderent
1408 522 1548 572 eaque
1578 508 1625 551 in
1651 508 1960 552 re·maximam
1991 523 2227 553 consume-

416 573 515 606 rent
538 578 734 621 operam,
767 562 825 605 ita
855 578 1084 622 nunquam
1106 562 1313 606 deerunt:
1342 578 1508 623 quippe
1537 564 1613 621 qui
1642 577 1852 624 quantum
1881 564 1958 609 illa
1981 564 2038 608 ad
2063 564 2226 622 ingenii

414 621 530 663 vires
549 617 779 671 aeneadas,
791 662 796 666 ,
808 620 1005 663 animum
1025 617 1315 663 excolendum
1332 631 1372 663 et
1389 618 1711 679 emendandum
1737 634 1865 682 atque
1894 620 2126 679 elegantiae
2142 636 2227 677 gu-

416 689 530 720 stum
549 674 896 735 perpoliendum
915 675 1094 728 valeant,
1130 676 1352 731 cognitum
1365 680 1735 736 >perspectumque
1753 676 1952 723 habeant.
1994 679 2051 722 Et
2067 693 2120 720 ex
2139 677 2225 720 hoc

417 728 601 793 quidem
629 746 786 790 genere
813 732 1002 776 maxime
1027 732 1255 776 rhetorum
1284 743 1325 776 et
1352 744 1576 777 oratorum
1603 749 1693 777 esse
1719 750 1854 793 opera
1881 750 1981 779 cum
2002 734 2087 777 viri
2112 732 2229 778 docti

418 789 604 832 omnino
643 787 830 854 professi
861 800 974 841 sunt,
1012 800 1106 832 tum
1139 789 1185 842 ii,
1224 790 1301 847 qui
1334 787 1389 831 de
1417 800 1506 831 arte
1531 787 1704 832 dicendi
1731 791 1816 849 ipsi
1840 792 2119 849 scripserunt,
2138 787 2229 830 'aut

420 860 517 886 eam
546 843 600 886 ad
622 855 734 887 vltae
761 843 968 904 publicae
986 861 1114 887 usum
1142 855 1448 901 converterunt
1475 844 1544 888 vel
1570 856 1716 889 nostra
1742 848 1929 890 maxime
1960 856 2091 889 aetate
2118 860 2229 889 con-

422 900 532 945 verti
560 899 807 945 voluerunt.
867 902 934 945 Ne
959 902 1056 962 quis
1080 902 1276 953 miretur,
1314 917 1385 945 me
1420 901 1623 946 Ciceroni
1662 904 1826 961 primas
1864 901 2035 947 deferre
2071 913 2227 960 partes,

423 957 676 1000 Aristoteles
701 969 741 999 et
769 957 1068 1014 Quintilianus
1102 957 1383 1001 subtilissima
1444 956 1589 1001 uidem
1627 959 1783 1019 scripta
1818 959 1873 1003 de
1905 958 1986 1001 hac
2018 968 2108 1001 arte
2132 956 2230 1000 edi-

418 1012 592 1065 derunt,
642 1011 716 1058 sed
744 1028 888 1073 neque
928 1014 1108 1074 privatis
1151 1029 1295 1073 neque
1336 1013 1429 1073 pub
1452 1014 1530 1058 icis
1563 1012 1695 1058 rebus
1742 1013 1927 1060 dicendo
1973 1012 2229 1059 consulendi

397 1080 670 1129 potestatem
707 1072 818 1122 nacti
858 1082 973 1114 sunt.
1066 1070 1254 1115 Romani
1287 1084 1393 1113 vero
1430 1070 1634 1115 Consulis
1672 1086 1803 1131 opera
1840 1072 1976 1114 nitent
2008 1068 2230 1129 praeclara

418 1126 495 1169 illa
523 1126 730 1170 orationis
763 1127 902 1184 copia,
931 1128 1147 1182 gravitate.
1179 1127 1465 1170 concinnitate
1499 1137 1539 1169 et
1568 1126 1732 1193 lepore,
1772 1139 1817 1170 ut
1854 1142 2013 1186 operae
2072 1126 2230 1168 retium

419 1184 485 1236 sit,
534 1181 614 1224 hac
651 1181 872 1226 scribendi
908 1182 1229 1243 opportunitate
1265 1181 1441 1236 oblata,‚
1476 1180 1531 1224 de
1564 1181 1622 1225 all
1658 1195 1731 1226 uot
1763 1182 1872 1227 locis
1908 1140 2228 1226 difficilioribus

421 1237 657 1284 secundi
690 1237 831 1281 libri
872 1237 933 1282 de
968 1242 1201 1282 Oratore
1227 1236 1447 1296 disputare
1483 1249 1537 1290 et,
1567 1196 1683 1282 unde
1711 1239 1816 1283 haec
1840 1238 1971 1284 illave
2006 1237 2230 1282 difficultas

423 1307 515 1340 orta
553 1296 619 1347 sit,
656 1310 739 1354 pro
771 1294 891 1337 virili
918 1306 1038 1354 parte
1076 1294 1386 1337 demonstrare.
1452 1296 1547 1338 Jam
1580 1296 1656 1338 etsi
1693 1307 1838 1339 nostra
1870 1306 2002 1338 aetate
2028 1310 2123 1337 non>
2150 1293 2232 1337 de-

425 1352 613 1403 fuerunt,
638 1352 714 1409 qui
735 1350 1028 1409 praeclarede
1046 1350 1132 1393 hoc
1151 1348 1438 1393 celeberrimo
1461 1352 1684 1394 Ciceronis
1702 1350 1877 1408 dialogo
1897 1351 2232 1404 mererentur-²5).

425 1421 568 1451 tamen
596 1422 686 1450 non
712 1422 874 1465 paucos
906 1405 1028 1449 locos
1055 1406 1164 1449 mihi
1196 1406 1408 1465 reperisse
1434 1407 1550 1450 visus
1576 1423 1686 1459 sum,
1722 1408 1769 1450 in
1796 1407 1959 1467 quibus
1988 1405 2059 1449 vel
2086 1406 2233 1466 expli-

426 1462 575 1506 candis
599 1461 669 1505 vel
687 1462 962 1506 restituendis
989 1461 1257 1506 dissentiam:
1299 1463 1442 1521 neque
1470 1462 1557 1506 hoc
1585 1464 1750 1507 mirum
1779 1464 1861 1506 erit
1894 1463 2107 1520 cogitanti,
2137 1474 2233 1509 ‚tum
2301 1500 2303 1502 ,

427 1520 596 1579 quoties
631 1519 749 1577 ipse
783 1520 1035 1579 scriptor
1074 1518 1143 1562 vel
1178 1518 1427 1561 breviter
1462 1518 1532 1563 vel
1564 1519 1799 1563 obscure
1835 1518 1906 1563 vel
1946 1517 2233 1576 negligen-

425 1577 507 1619 ter
535 1574 702 1626 dixerit,
735 1587 827 1619 turn
853 1588 961 1634 quot
996 1574 1373 1619 librariorum
1410 1576 1463 1617 in
1508 1574 1811 1619 scribendo
1847 1575 2060 1626 fuerint
2094 1591 2236 1618 com-

426 1631 646 1691 pendia,
675 1641 879 1690 quanta
908 1632 1165 1675 oscitatio
1187 1641 1227 1672 et
1255 1630 1494 1673 inscitia.
1552 1633 1612 1675 lta
1629 1632 1875 1675 invenimus
1891 1629 2112 1691 duplicem
2129 1629 2235 1673 fon-

426 1689 527 1739 tem,
556 1705 579 1729 e
617 1702 706 1746 quo
747 1685 989 1730 multorum
1019 1687 1222 1731 locorum
1261 1685 1484 1729 difficultas
1510 1688 1804 1745 promanarit3
1851 1703 1938 1746 qua
1972 1686 2139 1730 sublata
2165 1696 2238 1727 aut

428 1742 639 1802 expedita,
690 1758 866 1788 sensum
903 1744 1144 1786 verborum
1180 1741 1345 1785 facilius
1385 1758 1507 1785 erues
1543 1753 1582 1785 et
1617 1743 2015 1801 haec-ipsa.minus
2040 1742 2235 1792 tentabis,

431 1799 539 1860 quid
570 1798 736 1844 multa?
765 1798 981 1855 vulgatam
1010 1798 1228 1843 defendes.
1287 1799 1373 1842 Has
1398 1813 1504 1841 vero
1530 1810 1672 1858 partes
1696 1801 1844 1860 primo
1874 1810 2011 1856 agam.

544 1910 712 1955 Cicero'
733 1927 873 1971 quum
912 1910 967 1955 de
999 1912 1110 1954 vitae
1148 1911 1329 1955 rusticae
1359 1910 1566 1955 laudibus
1592 1910 1804 1957 disserens
1831 1912 2084 1962 monuisset,
2120 1910 2238 1953 viros

430 1968 730 2012 nobilissimos
769 1969 816 2012 in
842 1985 890 2012 ea
920 1969 1193 2028 acquiescere
1232 1984 1472 2021 consuesse,
1515 1966 1617 2012 dicit
1647 1984 1739 2029 cap.
1752 1970 1792 2013 6.
1821 1971 1965 2025 §.23.=
2003 1968 2096 2022 „sic
2121 1965 2239 2008 enim

432 2042 500 2070 res
535 2026 685 2069 hahet:
736 2037 789 2070 ut
834 2023 1298 2086 quemadmodum
1326 2024 1529 2069 volucres
1572 2024 1770 2070 videmus
1805 2045 1868 2058 ——*
1897 2023 2072 2070 levandi
2107 2021 2240 2066 labo-

432 2085 493 2126 ris
530 2084 595 2125 sui
625 2098 750 2126 causa
787 2083 948 2141 passim
981 2094 1021 2125 et
1058 2082 1199 2125 libere
1233 2082 1396 2125 solutas
1430 2098 1563 2141 opere
1592 2081 1789 2134 volitare,
1827 2082 1906 2125 sic
1940 2081 2079 2125 nostri
2105 2079 2240 2122 animi

434 2139 680 2182 forensibus
717 2140 902 2195 negotiis
946 2150 1074 2199 atque
1120 2138 1291 2181 urbano
1322 2154 1348 2181 o
1384 2154 1456 2180 ere
1491 2137 1660 2191 defessi,
1698 2138 1939 2195 gestiunt
1975 2153 2036 2184 ac,
2057 2135 2240 2179 volitare

435 2196 665 2253 cupiunt
707 2195 831 2237 vacui
868 2210 970 2237 cura
1011 2210 1059 2236 ac
1092 2192 1292 2238 vlahore.“
1350 2154 1450 2239 {firi
1484 2192 1614 2247 docti,
1655 2195 1732 2254 qui
1766 2194 1885 2237 hunc
1918 2191 2069 2237 locum
2095 2190 2240 2250 expli-

435 2262 545 2302 cant,
577 2251 621 2292 in
649 2249 752 2293 duas
779 2251 927 2294 abiere
949 2262 1120 2310 partes3
1162 2249 1297 2303 alteri,
1323 2250 1582 2309 particulam
1609 2262 1661 2293 ut
1687 2249 2061 2293 determinativum
2088 2247 2238 2291 existi-

434 2318 614 2360 mantes,
643 2306 726 2349 scri
748 2315 908 2351 ‘serunt
944 2307 1183 2365 gestiant
1217 2322 1264 2350 ac
1297 2307 1548 2367 cupiant:
1588 2307 1645 2351 ita
1671 2304 1978 2366 Wyttenbach.
1998 2303 2114 2351 Bibl.
2143 2304 2238 2350 crit.

434 2367 465 2409 I.
478 2368 594 2422 p.15.
612 2321 853 2407 Muellerus
872 2376 911 2407 at
948 2381 999 2407 ue
1014 2363 1221 2415 Orellius‚
1234 2375 1272 2406 et
1291 2364 1364 2406 hic
1384 2363 1566 2421 quidem
1588 2375 1731 2408 motus
1742 2364 1991 2406 auctoritate
2008 2359 2138 2405 codd.
2147 2378 2239 2417 reg.

432 2422 560 2465 7704.
582 2430 624 2462 et
639 2421 769 2469 7753.
829 2419 900 2463 Ab
963 2422 998 2464 is
1018 2418 1258 2473 discedunt,
1284 2420 1361 2479 qui
1378 2429 1564 2463 statuunt
1590 2421 1822 2463 Oratorem
1849 2420 2085 2463 structurae
2105 2431 2242 2477 coep-

457 2547 491 2591 ψ)
525 2548 614 2627 Pes&
621 2547 641 2581 J
645 2545 739 2626 Aila
749 2557 768 2580 r
778 2556 803 2579 n
815 2555 836 2579 e
846 2556 862 2581 s
876 2544 908 2581 ti
921 2557 946 2580 u
957 2557 1009 2589 m,
1022 2545 1371 2626 Virumgtummum,
1380 2543 1766 2627 Cic..libb.d.‹0r÷(t³t.ed.
1780 2543 2242 2627 C.G.Schst‚llet.szgi‚},8014.

527 2594 607 2673 ἷξε.
619 2591 2066 2683 ·ἒὲξῗῗαῗὲῗὸίῗῗ,5ἰῨέῨῙὸηῗιῖἷῖξῖέὲἒῖῗῗὲἐὲἤι’,’(ἐέἰῗῗέἕιῗὸιωῖῑζ·
2076 2636 2128 2681 (3³)
2143 2615 2187 2670 ι’.
2206 2601 2241 2670 1¹3

528 2683 756 2720 Billerbeck.
807 2685 986 2720 Hannov.
1006 2687 1109 2721 1828.
1167 2683 1395 2731 Nuperrime
1408 2686 1450 2720 R.
1467 2687 1501 2721 J.
1511 2686 1553 2720 F.
1573 2683 1824 2721 Henrichsen.
1864 2685 1990 2720 Havn.
2004 2682 2106 2719 1830.
2157 2680 2240 2718 Ob-

528 2737 678 2812 segvlatt.
712 2731 760 2813 ad
776 2728 873 2820 Ῑξίῗ.
904 2731 940 2767 d.
961 2732 1026 2767 Or.
1044 2733 1181 2767 Pas-nl.
1214 2742 1285 2768 scr.
1306 2731 1350 2766 G.
1369 2732 1415 2765 N.
1440 2730 1580 2767 Busch.
1607 2731 1784 2768 Rostoch.
1810 2730 1912 2767 1880.
1953 2728 2164 2778 (pertinent
2190 2728 2236 2762 ad

547 2791 553 2811 ι
587 2805 595 2813 .
626 2804 633 2814 ,
666 2789 698 2813 c.
740 2797 764 2804 —
823 2803 831 2813 .
