2535 3299
448 318 1926 362 “aff—*OM*-

845 641 1282 708 Doehnero
1342 661 1484 707 suo

1141 770 1194 828 S.

1076 1071 1261 1121 Auctor.

260 1358 395 1492 Ex
414 1454 516 1498 quo,
536 1439 624 1484 Vir
643 1437 853 1480 Summe
872 1433 1186 1479 Venerande
1210 1446 1259 1478 et
1275 1436 1646 1479 Amicissime!
1673 1430 2009 1481 munussacrum
2029 1450 2070 1480 et

261 1516 565 1561 scholasticum
583 1514 698 1573 apud
713 1515 1019 1570 Fribergenses
1044 1515 1238 1568 sustines,
1275 1526 1390 1558 tanto
1418 1516 1644 1575 utriusque
1670 1516 1801 1574 officii
1819 1515 1965 1561 studio
1995 1517 2068 1561 in-

265 1612 413 1642 census
440 1594 557 1641 fuisti
583 1605 629 1637 ut
646 1591 911 1651 largissimos
928 1590 1030 1636 inde
1048 1591 1211 1638 fructus
1223 1593 1483 1654 perceperis.
1539 1593 1633 1638 Jam
1662 1608 1801 1654 quum
1823 1594 1949 1653 Regis
1967 1593 2066 1640 Sax.

266 1673 556 1719 Potentissimi
573 1676 691 1729 jussu
708 1686 866 1715 munus
878 1670 1039 1717 Vicarii
1056 1671 1279 1732 Ephoriae
1297 1672 1594 1728 Fribergensis
1613 1683 1653 1714 et
1672 1672 1940 1732 praesidium
1959 1689 2067 1718 nos-

264 1754 320 1795 tri
336 1752 562 1812 Gymnasii
579 1751 705 1795 Tibi
733 1749 1039 1794 demandatum
1058 1751 1123 1802 sit,
1154 1766 1245 1793 non
1262 1765 1493 1808 possumus
1522 1751 1632 1809 quin
1650 1750 1883 1795 laetissimo
1919 1752 2064 1796 animo

267 1834 342 1875 Te
360 1830 592 1875 salutemus
611 1846 658 1871 ac
677 1829 800 1873 Tibi
826 1840 993 1873 nostras
1021 1845 1088 1872 res
1118 1827 1436 1872 commendatas
1469 1844 1559 1871 esse
1580 1826 1779 1873 velimus.
1838 1830 1943 1888 Quo
1969 1847 2064 1874 me—

266 1908 350 1953 lius
375 1910 503 1960 nosti,
548 1906 689 1967 qualis
716 1906 757 1949 et
784 1919 941 1966 quanta
967 1908 1020 1951 sit
1044 1906 1270 1966 provincia
1299 1922 1466 1966 eorum,
1498 1906 1573 1965 qui
1600 1900 1776 1966 publice
1800 1910 2064 1963 juventutem

265 1985 470 2030 erudiunt
492 1997 533 2029 et
551 1986 705 2045 pietate
729 2001 779 2028 ac
796 1983 1047 2029 liberalium
1065 1985 1223 2028 artium
1240 1983 1383 2038 studio
1404 1985 1617 2037 imbuunt,
1654 2001 1705 2029 eo
1733 1986 1886 2030 certius
1912 2002 2065 2046 spera-

266 2079 362 2107 mus
388 2058 553 2107 fore‘ut
580 2073 749 2106 nostrae
767 2077 848 2115 res,
880 2064 1019 2106 Tuae
1045 2061 1198 2105 tutelae
1223 2062 1491 2115 commissae,
1528 2063 1573 2103 in
1593 2061 1683 2105 dies
1706 2062 1856 2106 laetius
1873 2063 2067 2106 efflores-

269 2154 376 2185 cant.
455 2141 605 2199 Quare
623 2142 793 2199 ‘optima
819 2156 1017 2200 quaeque
1045 2141 1168 2182 Tibi
1201 2151 1365 2184 tantum
1393 2135 1551 2184 munus
1585 2140 1753 2184 adituro
1787 2155 2065 2201 apprecamcs

267 2232 307 2263 et
332 2218 687 2275 congratulantes,
725 2219 850 2261 enixe
875 2221 942 2262 Te
970 2232 1184 2273 rogamus,
1227 2219 1337 2261 Tuo
1376 2217 1525 2261 favore
1552 2234 1600 2261 ac
1627 2217 1827 2270 consilio,
1870 2236 1979 2279 quae
2006 2237 2064 2265 est

268 2298 371 2341 Tua
394 2295 649 2349 humanitas,
685 2311 764 2339 nos
795 2311 922 2340 ornes
948 2307 988 2338 et
1013 2283 1295 2357 amplectaris.
1370 2296 1562 2352 Benigno
1584 2296 1722 2353 *igitur
1748 2298 1893 2340 animo
1921 2298 2064 2356 accipe

267 2376 354 2419 hoc
370 2373 693 2427 munusculum,
730 2374 853 2434 quod
879 2374 933 2416 ad
959 2373 1139 2434 aliquot(
1153 2374 1374 2417 Ciceronis
1402 2368 1457 2417 de
1487 2368 1674 2419 Oratore
1712 2374 1830 2418 locos
1856 2377 2061 2435 pertinet:

269 2454 312 2494 in
334 2453 493 2511 quibus
512 2468 564 2495 eo
585 2439 804 2495 lubentius
822 2464 1009 2496 versatus
1035 2469 1145 2504 sum,
1173 2468 1261 2510 quo
1282 2454 1354 2494 Tu
1370 2451 1463 2511 ipse
1481 2451 1651 2495 dicendi
1669 2453 1825 2495 virtute
1842 2453 2062 2496 excellen-

268 2530 353 2575 tior
370 2541 410 2575 ct
427 2526 594 2575 animos
609 2544 778 2585 eorum,
805 2528 882 2590 qui
905 2531 979 2575 Te
1005 2528 1195 2583 audiunt,
1220 2529 1296 2590 pio
1312 2545 1439 2575 sensu
1459 2526 1755 2574 inflammandi
1771 2545 1814 2587 es
1828 2530 2021 2591 peritior.
2036 2579 2039 2583 ¹

1387 2819 1469 2853 ΑΞ
